<?xml version="1.0" encoding="UTF-8"?><collection xmlns="http://www.loc.gov/MARC21/slim"><record><leader>00662nam--2200181-i-4500</leader><controlfield tag="001">000028933</controlfield><controlfield tag="002">20161230</controlfield><controlfield tag="005">20161230201037</controlfield><controlfield tag="008">060222s1000------------r-----000-0-fre-d</controlfield><datafield ind1=" " ind2=" " tag="040"><subfield code="a">IFIN-HH</subfield></datafield><datafield ind1=" " ind2=" " tag="041"><subfield code="a">fre</subfield></datafield><datafield ind1=" " ind2=" " tag="080"><subfield code="a">539.171</subfield></datafield><datafield ind1="1" ind2=" " tag="100"><subfield code="a">Lebre, Jean-marie</subfield></datafield><datafield ind1="1" ind2="0" tag="245"><subfield code="a">Etude et realisation d`un dispositif experimental de mesures de distributions angulaires, de sections efficaces et de polarisation dans certaines sreactions (p,p) application a la diffusion elasctique. 12c (p,p) 12c entre (1,95 et 1,23 me v)</subfield><subfield code="b">These</subfield><subfield code="c">Jean-marie lebre</subfield></datafield><datafield ind1=" " ind2=" " tag="260"><subfield code="a">Lyon</subfield><subfield code="b">Universite</subfield><subfield code="c">1966</subfield></datafield><datafield ind1=" " ind2=" " tag="300"><subfield code="a">108P</subfield></datafield><datafield ind1=" " ind2=" " tag="852"><subfield code="a">23483</subfield><subfield code="c">539.17</subfield></datafield><datafield ind1=" " ind2=" " tag="CAT"><subfield code="a">Sys</subfield><subfield code="c">20120530</subfield><subfield code="h">153937</subfield></datafield></record></collection>